@article{Liu:2012,
  title={Sentiment analysis and opinion mining},
  author={Liu, B.},
  journal={Synthesis lectures on human language technologies},
  volume=5,
  pages={1-167},
  year=2012
}

@article{Tsapa:2019,
  title={Opinion mining from social media short texts: Does collective intelligence beat deep learning?},
  author={Tsapatsoulis, N. and Djouvas, C.},
  journal={Frontiers in Robotics and AI},
  doi={10.3389/frobt.2018.00138},
  volume=5,
  pages={138},
  year=2019
}

@article{Kiomourtzis:2014,
  title={NOMAD: Linguistic Resources and Tools Aimed at Policy Formulation and Validation},
  author={Kiomourtzis, G. and Giannakopoulos, G. and Petasis, G. and Karampiperis, P. and Karkaletsis, V.},
  journal={In LREC},
  pages={3464-3470},
  year=2014
}

@article{Tai:2015,
  title={Improved semantic representations from tree-structured long short-term memory networks},
  author={Tai, K. and Socher, R. and Manning, C. },
  journal={arXiv preprint arXiv:1503.00075},
  year=2015
}

@article{Wawer:2016,
  title={OPFI: A tool for opinion finding in Polish},
  author={Wawer, A.},
  journal={In Proceedings of the Tenth International Conference on Language Resources and Evaluation (LREC'16)},
  pages={2906-2909},
  year=2016
}

@article{Munson:2019,
  title={Sentiment Analysis of Twitter Data (saotd)},
  author={Munson, E.L. and Smith, C.M. and Boehmke, B.C. and Freels, J.K.},
  journal={Frontiers in Robotics and AI},
  doi={10.21105/joss.00764},
  volume=4,
  pages={764},
  year=2019
}


@article{Adepeju:2021,
  title={An Analytical Framework for Measuring Inequality in the Public Opinions on Policing – Assessing the impacts of COVID-19 Pandemic using Twitter Data.},
  author={Adepeju, M. and Jimoh, F.},
  journal={Journal of Geographical Information System},
  doi={10.4236/jgis.2021.132008},
  volume=33,
  pages={122-147},
  year=2021
}

@article{Nielsen:2011,
  title={A New ANEW: Evaluation of a Word List for Sentiment Analysis in Microblogs},
  author={Nielsen, F.},
  journal={In Proc. ESWC-11, arXiv preprint arXiv:1103.2903},
  year=2011
}


@Book{Fisher:1935,
  author = {Fisher, R. A.},
  title = {The Design of Experiments},
  publisher = {New York: Hafner},
  year=1935
}

@Book{Good:2006,
  author = {Good, P.},
  title = {Resampling Methods},
  publisher = {Birkhauser, 3rd Ed.},
  year=2006
}

@InProceedings{Somasundaran:2010,
    author = {Somasundaran, S. and Wiebe, J.},
    title = {Recognizing stances in ideological online debates},
    booktitle = {CAAGET '10: Proceedings of the NAACL HLT 2010 Workshop on Computational Approaches to Analysis and Generation of Emotion in Text},
    month = Jun,
    year = 2010,
    publisher = {ACM Press},
    editor = {David Kurlander and Marc Brown and Ramana Rao},
    pages = {116-124}
}

@InProceedings{Morency:2011,
    author = {Morency, L. and Mihalcea, R. and Doshi, P},
    title = {Towards Multimodal Sentiment Analysis: Harvesting Opinions from the Web},
    booktitle = {Proceedings of the 13th International Conference on Multimodal Interfaces},
    year = 2011,
    publisher = {Association for Computing Machinery},
    pages = {169–176}
}

@article{Nikolovska:2020,
  title={“Show this thread”: policing, disruption and mobilisation through Twitter. An analysis of UK law enforcement tweeting practices during the Covid-19 pandemic},
  author={Nikolovska, M.and Johnson, S. and Ekblom, P.},
  journal={Crime Science},
  year=2020,
  volume=9,
  pages={20}
}

@article{Ansari:2020,
  title={Analysis of Political Sentiment Orientations on Twitter},
  author={Ansari, MZ. and Aziz, M. B. and Siddiqui, M. O. and Mehra, H. and Singh, K. P.},
  journal={Procedia Computer Science},
  year=2020,
  volume=167,
  pages={1821-1828}
}

@InProceedings{Connor:2010,
    author = {O'Connor, B. and Balasubramanyan, R. and Routledge, B. R. and Smith, N. A.},
    title = {From Tweets to Polls: Linking Text Sentiment to Public Opinion Time Series},
    booktitle = {Proceedings of the Fourth International Conference on Weblogs and Social Media, ICWSM 2010},
    year = 2010
}

@InProceedings{Feldman:2011,
    author = {Feldman, R. and Rosenfeld, B. and Bar-Haim, R. and Fresko, M.},
    title = {The Stock Sonar - Sentiment Analysis of Stocks Based on a Hybrid Approach},
    booktitle = {Proceedings of the Twenty-Third Conference on Innovative Applications of Artificial Intelligence},
    year = 2011
}


@article{Otaibi:2018,
  title={Customer Satisfaction Measurement using Sentiment Analysis},
  author={Al-Otaibi, S. and Alnassar, A. and Alshahrani, A. and Al-Mubarak, A. and et al.},
  journal={International Journal of Advanced Computer Science and Applications},
  year=2018,
  volume=9
}
