@article{Adepeju2021,
  title = {An Analytical Framework for Measuring Inequality in the Public Opinions on Policing â€“ Assessing the impacts of COVID-19 Pandemic using Twitter Data.},
  author = {M. Adepeju and F. Jimoh},
  year = {2021},
  journal={Journal of Geographical Information System (in Press)}
  },


@article{Kearney2019,
  title = {"rtweet: Collecting and analyzing Twitter data"},
  author = {MW. Kearney},
  year = {2019},
  journal={Journal of Open Source Software},
  volume={4(42)},
  pages={1829}
  },

@book{Zipf1936,
    author={G. Zipf},
    title={The Psychobiology of Language},
    publisher="Routledge",
    YEAR={1936}
},

@book{Razorfish2019,
    author={Razorfish},
    title={Fluent: The Razorfish Social Influence Marketing Report},
    publisher="Atlanta, United States",
    YEAR={2009}
}
